<collection xmlns="http://www.loc.gov/MARC21/slim">
<record>
  <leader>01445nam0a2200313 i 450 </leader>
  <controlfield tag="001">IT\ICCU\CNCE\057367</controlfield>
  <controlfield tag="005">20160309000000.0</controlfield>
  <datafield tag="012" ind1=" " ind2=" ">
    <subfield code="a">seno sico coa- cifi (C) 1566 (A)</subfield>
    <subfield code="2">fei</subfield>
  </datafield>
  <datafield tag="100" ind1=" " ind2=" ">
    <subfield code="a">20040413d1566        0itac0103    ba</subfield>
  </datafield>
  <datafield tag="101" ind1=" " ind2=" ">
    <subfield code="a">ITA</subfield>
  </datafield>
  <datafield tag="102" ind1=" " ind2=" ">
    <subfield code="a">IT</subfield>
  </datafield>
  <datafield tag="200" ind1="1" ind2=" ">
    <subfield code="a">℗La ℗vita del glorioso martire santo Feliziano, vescouo di Fuligno</subfield>
  </datafield>
  <datafield tag="210" ind1=" " ind2=" ">
    <subfield code="e">Stampata in Foligno</subfield>
    <subfield code="g">per Agostino Colaldi</subfield>
    <subfield code="g">appresso a Vincenzio Cantagallo</subfield>
    <subfield code="h">1566</subfield>
  </datafield>
  <datafield tag="215" ind1=" " ind2=" ">
    <subfield code="a">\24! c.</subfield>
    <subfield code="d">8ʻ</subfield>
  </datafield>
  <datafield tag="300" ind1=" " ind2=" ">
    <subfield code="a">Il nome dell&apos;autore si ricava dall&apos;intitolazione</subfield>
  </datafield>
  <datafield tag="620" ind1=" " ind2=" ">
    <subfield code="a">IT</subfield>
    <subfield code="d">Foligno</subfield>
  </datafield>
  <datafield tag="700" ind1=" " ind2="1">
    <subfield code="a">Clario,</subfield>
    <subfield code="b">Isidoro</subfield>
    <subfield code="3">IT\ICCU\CNCA\001118</subfield>
  </datafield>
  <datafield tag="712" ind1="0" ind2="0">
    <subfield code="a">Colaldi, Agostino</subfield>
    <subfield code="3">IT\ICCU\CNCT\000505</subfield>
    <subfield code="4">650</subfield>
  </datafield>
  <datafield tag="712" ind1="0" ind2="0">
    <subfield code="a">Cantagalli, Vincenzo</subfield>
    <subfield code="3">IT\ICCU\CNCT\001621</subfield>
    <subfield code="4">650</subfield>
  </datafield>
  <datafield tag="790" ind1=" " ind2="1">
    <subfield code="a">Chiari,</subfield>
    <subfield code="b">Isidoro</subfield>
    <subfield code="3">IT\ICCU\CNCA\007959</subfield>
    <subfield code="z">Clario, Isidoro</subfield>
  </datafield>
  <datafield tag="790" ind1=" " ind2="1">
    <subfield code="a">Cucchi,</subfield>
    <subfield code="b">Taddeo</subfield>
    <subfield code="3">IT\ICCU\CNCA\008051</subfield>
    <subfield code="z">Clario, Isidoro</subfield>
  </datafield>
  <datafield tag="791" ind1="0" ind2="0">
    <subfield code="a">Colaldus, Augustinus</subfield>
    <subfield code="3">IT\ICCU\CNCT\004628</subfield>
    <subfield code="z">Colaldi, Agostino</subfield>
  </datafield>
  <datafield tag="791" ind1="0" ind2="0">
    <subfield code="a">Colaldo, Agostino</subfield>
    <subfield code="3">IT\ICCU\CNCT\004629</subfield>
    <subfield code="z">Colaldi, Agostino</subfield>
  </datafield>
  <datafield tag="791" ind1="0" ind2="0">
    <subfield code="a">Cantagallus, Vincentius</subfield>
    <subfield code="3">IT\ICCU\CNCT\004436</subfield>
    <subfield code="z">Cantagalli, Vincenzo</subfield>
  </datafield>
  <datafield tag="791" ind1="0" ind2="0">
    <subfield code="a">Cantagallo, Vincenzo</subfield>
    <subfield code="3">IT\ICCU\CNCT\004447</subfield>
    <subfield code="z">Cantagalli, Vincenzo</subfield>
  </datafield>
  <datafield tag="801" ind1=" " ind2="3">
    <subfield code="a">IT</subfield>
    <subfield code="b">ICCU</subfield>
    <subfield code="c">20201115</subfield>
  </datafield>
  <datafield tag="899" ind1=" " ind2=" ">
    <subfield code="a">Biblioteca Ludovico Jacobilli del Seminario vescovile. Foligno</subfield>
    <subfield code="1">PG0040</subfield>
    <subfield code="2">UM1 39</subfield>
  </datafield>
  <datafield tag="911" ind1=" " ind2=" ">
    <subfield code="a">Nel coloph.</subfield>
    <subfield code="9">IT\ICCU\CNCM\000674</subfield>
  </datafield>
  <datafield tag="921" ind1=" " ind2=" ">
    <subfield code="a">IT\ICCU\CNCM\000674</subfield>
    <subfield code="b">Gallo. In cornice figurata</subfield>
    <subfield code="c">A70</subfield>
    <subfield code="c">V81</subfield>
    <subfield code="c">Z578</subfield>
    <subfield code="f">GALLO</subfield>
    <subfield code="g">1547-1566</subfield>
  </datafield>
</record>
</collection>
